@book {DemaillyAG,
	AUTHOR = {Demailly, Jean-Pierre},
	TITLE = {Analytic methods in algebraic geometry},
	SERIES = {Surveys of Modern Mathematics},
	VOLUME = {1},
	PUBLISHER = {International Press, Somerville, MA; Higher Education Press,
	Beijing},
	YEAR = {2012},
	PAGES = {viii+231},
	ISBN = {978-1-57146-234-3},
	MRCLASS = {32-02 (14C30 14F18 32J25 32Q15 32U40)},
	MRNUMBER = {2978333},
	MRREVIEWER = {Valentino\ Tosatti},
}

@article{PaunSiu,
	title={Siuâ€™s invariance of plurigenera: a one-tower proof},
	author={P{\u{a}}un, Mihai},
	journal={Journal of Differential Geometry},
	volume={76},
	number={3},
	pages={485--493},
	year={2007},
	publisher={Lehigh University}
}

