@article {Moishezonmorphism,
	AUTHOR = {Koll\'{a}r, J\'{a}nos},
	TITLE = {Moishezon morphisms},
	JOURNAL = {Pure Appl. Math. Q.},
	FJOURNAL = {Pure and Applied Mathematics Quarterly},
	VOLUME = {18},
	YEAR = {2022},
	NUMBER = {4},
	PAGES = {1661--1687},
	ISSN = {1558-8599,1558-8602},
	MRCLASS = {32C15 (14A20)},
	MRNUMBER = {4504034},
}
@misc{DasHacon,
	title={The log minimal model program for Kähler $3$-folds},
	author={Omprokash Das and Christopher Hacon},
	year={2020},
	eprint={2009.05924},
	archivePrefix={arXiv},
	primaryClass={math.AG}
}

@misc{ClaudonHoring,
	title={Projectivity criteria for Kähler morphisms},
	author={Benoît Claudon and Andreas Höring},
	year={2024},
	eprint={2404.13927},
	archivePrefix={arXiv},
	primaryClass={math.AG}
}

@article {Jean,
	AUTHOR = {Varouchas, Jean},
	TITLE = {K\"{a}hler spaces and proper open morphisms},
	JOURNAL = {Math. Ann.},
	FJOURNAL = {Mathematische Annalen},
	VOLUME = {283},
	YEAR = {1989},
	NUMBER = {1},
	PAGES = {13--52},
	ISSN = {0025-5831,1432-1807},
	MRCLASS = {32C15 (32F05 32G10 32H35)},
	MRNUMBER = {973802},
	MRREVIEWER = {Siegmund\ Kosarew},
	DOI = {10.1007/BF01457500},
	URL = {https://doi.org/10.1007/BF01457500},
}

@article {strictnef,
	AUTHOR = {Campana, Fr\'{e}d\'{e}ric and Chen, Jungkai A. and Peternell,
	Thomas},
	TITLE = {Strictly nef divisors},
	JOURNAL = {Math. Ann.},
	FJOURNAL = {Mathematische Annalen},
	VOLUME = {342},
	YEAR = {2008},
	NUMBER = {3},
	PAGES = {565--585},
	ISSN = {0025-5831,1432-1807},
	MRCLASS = {14C20 (14E30 14J30 14J40)},
	MRNUMBER = {2430991},
	MRREVIEWER = {James\ McKernan},
	DOI = {10.1007/s00208-008-0248-x},
	URL = {https://doi.org/10.1007/s00208-008-0248-x},
}
