@misc{Ou,
	title={A characterization of uniruled compact K\"ahler manifolds}, 
	author={Wenhao Ou},
	year={2025},
	eprint={2501.18088},
	archivePrefix={arXiv},
	primaryClass={math.AG},
	url={https://arxiv.org/abs/2501.18088}, 
}

@article {BDPP,
	AUTHOR = {Boucksom, S\'{e}bastien and Demailly, Jean-Pierre and
	P\u{a}un, Mihai and Peternell, Thomas},
	TITLE = {The pseudo-effective cone of a compact {K}\"{a}hler manifold
	and varieties of negative {K}odaira dimension},
	JOURNAL = {J. Algebraic Geom.},
	FJOURNAL = {Journal of Algebraic Geometry},
	VOLUME = {22},
	YEAR = {2013},
	NUMBER = {2},
	PAGES = {201--248},
	
}

@article {MM86,
	AUTHOR = {Miyaoka, Yoichi and Mori, Shigefumi},
	TITLE = {A numerical criterion for uniruledness},
	JOURNAL = {Ann. of Math. (2)},
	FJOURNAL = {Annals of Mathematics. Second Series},
	VOLUME = {124},
	YEAR = {1986},
	NUMBER = {1},
	PAGES = {65--69},
	
}

@article {David19,
	AUTHOR = {Witt Nystr\"om, David},
	TITLE = {Duality between the pseudoeffective and the movable cone on a
	projective manifold},
	NOTE = {With an appendix by S\'ebastien Boucksom},
	JOURNAL = {J. Amer. Math. Soc.},
	FJOURNAL = {Journal of the American Mathematical Society},
	VOLUME = {32},
	YEAR = {2019},
	NUMBER = {3},
	PAGES = {675--689},
	
}


@article {CH20,
	AUTHOR = {Cao, Junyan and H\"{o}ring, Andreas},
	TITLE = {Rational curves on compact {K}\"{a}hler manifolds},
	JOURNAL = {J. Differential Geom.},
	FJOURNAL = {Journal of Differential Geometry},
	VOLUME = {114},
	YEAR = {2020},
	NUMBER = {1},
	PAGES = {1--39},
	
}


@article {HP16,
	AUTHOR = {H\"{o}ring, Andreas and Peternell, Thomas},
	TITLE = {Minimal models for {K}\"{a}hler threefolds},
	JOURNAL = {Invent. Math.},
	FJOURNAL = {Inventiones Mathematicae},
	VOLUME = {203},
	YEAR = {2016},
	NUMBER = {1},
	PAGES = {217--264},
	
}

@misc{DH24,
	title={On the Minimal Model Program for K\"ahler 3-folds}, 
	author={Omprokash Das and Christopher Hacon},
	year={2024},
	eprint={2306.11708},
	archivePrefix={arXiv},
	primaryClass={math.AG},
	url={https://arxiv.org/abs/2306.11708}, 
}


@article {KM92,
	AUTHOR = {Koll\'{a}r, J\'{a}nos and Mori, Shigefumi},
	TITLE = {Classification of three-dimensional flips},
	JOURNAL = {J. Amer. Math. Soc.},
	FJOURNAL = {Journal of the American Mathematical Society},
	VOLUME = {5},
	YEAR = {1992},
	NUMBER = {3},
	PAGES = {533--703},
	
}