@book {Lazars2Vec,
	AUTHOR = {Lazarsfeld, Robert},
	TITLE = {Positivity in algebraic geometry. {II}},
	SERIES = {Ergebnisse der Mathematik und ihrer Grenzgebiete. 3. Folge. A
	Series of Modern Surveys in Mathematics [Results in
	Mathematics and Related Areas. 3rd Series. A Series of Modern
	Surveys in Mathematics]},
	VOLUME = {49},
	NOTE = {Positivity for vector bundles, and multiplier ideals},
	PUBLISHER = {Springer-Verlag, Berlin},
	YEAR = {2004},
	PAGES = {xviii+385},
	ISBN = {3-540-22534-X},
	MRCLASS = {14-02 (14C20 14F05 14F17)},
	MRNUMBER = {2095472},
	MRREVIEWER = {Mihnea\ Popa},
	DOI = {10.1007/978-3-642-18808-4},
	URL = {https://doi.org/10.1007/978-3-642-18808-4},
}

@book {DemaillyAG,
	AUTHOR = {Demailly, Jean-Pierre},
	TITLE = {Analytic methods in algebraic geometry},
	SERIES = {Surveys of Modern Mathematics},
	VOLUME = {1},
	PUBLISHER = {International Press, Somerville, MA; Higher Education Press,
	Beijing},
	YEAR = {2012},
	PAGES = {viii+231},
	ISBN = {978-1-57146-234-3},
	MRCLASS = {32-02 (14C30 14F18 32J25 32Q15 32U40)},
	MRNUMBER = {2978333},
	MRREVIEWER = {Valentino\ Tosatti},
}

@incollection {HMX,
	AUTHOR = {Hacon, Christopher D. and McKernan, James and Xu, Chenyang},
	TITLE = {Boundedness of varieties of log general type},
	BOOKTITLE = {Algebraic geometry: {S}alt {L}ake {C}ity 2015},
	SERIES = {Proc. Sympos. Pure Math.},
	VOLUME = {97.1},
	PAGES = {309--348},
	PUBLISHER = {Amer. Math. Soc., Providence, RI},
	YEAR = {2018},
	ISBN = {978-1-4704-3577-6},
	MRCLASS = {14E30},
	MRNUMBER = {3821154},
	MRREVIEWER = {Carla\ Novelli},
	DOI = {10.1090/pspum/097.1/01677},
	URL = {https://doi.org/10.1090/pspum/097.1/01677},
}
