
@article {BCHM2,
	AUTHOR = {Hacon, Christopher D. and McKernan, James},
	TITLE = {Existence of minimal models for varieties of log general type.
	{II}},
	JOURNAL = {J. Amer. Math. Soc.},
	FJOURNAL = {Journal of the American Mathematical Society},
	VOLUME = {23},
	YEAR = {2010},
	NUMBER = {2},
	PAGES = {469--490},
	ISSN = {0894-0347,1088-6834},
	MRCLASS = {14E30 (14E05)},
	MRNUMBER = {2601040},
	MRREVIEWER = {Mark\ Gross},
	DOI = {10.1090/S0894-0347-09-00651-1},
	URL = {https://doi.org/10.1090/S0894-0347-09-00651-1},
}

@book {HaconKovacsBook,
	AUTHOR = {Hacon, Christopher D. and Kov\'acs, S\'andor J.},
	TITLE = {Classification of higher dimensional algebraic varieties},
	SERIES = {Oberwolfach Seminars},
	VOLUME = {41},
	PUBLISHER = {Birkh\"auser Verlag, Basel},
	YEAR = {2010},
	PAGES = {x+208},
	ISBN = {978-3-0346-0289-1},
	MRCLASS = {14E30 (14J10)},
	MRNUMBER = {2675555},
	MRREVIEWER = {Michael\ A.\ van Opstall},
	DOI = {10.1007/978-3-0346-0290-7},
	URL = {https://doi.org/10.1007/978-3-0346-0290-7},
}

@article{BCHM,
	title={Existence of minimal models for varieties of log general type},
	author={Birkar, Caucher and Cascini, Paolo and Hacon, Christopher and James Mckernan},
	journal={Journal of the American Mathematical Society},
	volume={23},
	number={2},
	pages={405--468},
	year={2010}
}