@article {Moishezonmorphism,
	AUTHOR = {Koll\'{a}r, J\'{a}nos},
	TITLE = {Moishezon morphisms},
	JOURNAL = {Pure Appl. Math. Q.},
	FJOURNAL = {Pure and Applied Mathematics Quarterly},
	VOLUME = {18},
	YEAR = {2022},
	NUMBER = {4},
	PAGES = {1661--1687},
	ISSN = {1558-8599,1558-8602},
	MRCLASS = {32C15 (14A20)},
	MRNUMBER = {4504034},
}
@misc{DasHacon,
	title={The log minimal model program for Kähler $3$-folds},
	author={Omprokash Das and Christopher Hacon},
	year={2020},
	eprint={2009.05924},
	archivePrefix={arXiv},
	primaryClass={math.AG}
}

@misc{ClaudonHoring,
	title={Projectivity criteria for Kähler morphisms},
	author={Benoît Claudon and Andreas Höring},
	year={2024},
	eprint={2404.13927},
	archivePrefix={arXiv},
	primaryClass={math.AG}
}

@article {Jean,
	AUTHOR = {Varouchas, Jean},
	TITLE = {K\"{a}hler spaces and proper open morphisms},
	JOURNAL = {Math. Ann.},
	FJOURNAL = {Mathematische Annalen},
	VOLUME = {283},
	YEAR = {1989},
	NUMBER = {1},
	PAGES = {13--52},
	ISSN = {0025-5831,1432-1807},
	MRCLASS = {32C15 (32F05 32G10 32H35)},
	MRNUMBER = {973802},
	MRREVIEWER = {Siegmund\ Kosarew},
	DOI = {10.1007/BF01457500},
	URL = {https://doi.org/10.1007/BF01457500},
}

@article {strictnef,
	AUTHOR = {Campana, Fr\'{e}d\'{e}ric and Chen, Jungkai A. and Peternell,
	Thomas},
	TITLE = {Strictly nef divisors},
	JOURNAL = {Math. Ann.},
	FJOURNAL = {Mathematische Annalen},
	VOLUME = {342},
	YEAR = {2008},
	NUMBER = {3},
	PAGES = {565--585},
	ISSN = {0025-5831,1432-1807},
	MRCLASS = {14C20 (14E30 14J30 14J40)},
	MRNUMBER = {2430991},
	MRREVIEWER = {James\ McKernan},
	DOI = {10.1007/s00208-008-0248-x},
	URL = {https://doi.org/10.1007/s00208-008-0248-x},
}


@article {HaconMckernan,
	AUTHOR = {Hacon, Christopher D. and McKernan, James},
	TITLE = {Boundedness of pluricanonical maps of varieties of general
	type},
	JOURNAL = {Invent. Math.},
	FJOURNAL = {Inventiones Mathematicae},
	VOLUME = {166},
	YEAR = {2006},
	NUMBER = {1},
	PAGES = {1--25},
	ISSN = {0020-9910,1432-1297},
	MRCLASS = {14E05 (14J40)},
	MRNUMBER = {2242631},
	MRREVIEWER = {Meng\ Chen},
	DOI = {10.1007/s00222-006-0504-1},
	URL = {https://doi.org/10.1007/s00222-006-0504-1},
}
@article {RaoTsai,
	AUTHOR = {Rao, Sheng and Tsai, I-Hsun},
	TITLE = {Invariance of plurigenera and {C}how-type lemma},
	JOURNAL = {Asian J. Math.},
	FJOURNAL = {Asian Journal of Mathematics},
	VOLUME = {26},
	YEAR = {2022},
	NUMBER = {4},
	PAGES = {507--554},
	ISSN = {1093-6106,1945-0036},
	MRCLASS = {32G05 (18G40 32C35 32S45)},
	MRNUMBER = {4570995},
}

@article {LiebermanSernesi,
	AUTHOR = {Lieberman, David and Sernesi, Edoardo},
	TITLE = {Semicontinuity of {$L$}-dimension},
	JOURNAL = {Math. Ann.},
	FJOURNAL = {Mathematische Annalen},
	VOLUME = {225},
	YEAR = {1977},
	NUMBER = {1},
	PAGES = {77--88},
	ISSN = {0025-5831,1432-1807},
	MRCLASS = {32G13 (14D15)},
	MRNUMBER = {427688},
	MRREVIEWER = {H.\ Kerner},
	DOI = {10.1007/BF01364893},
	URL = {https://doi.org/10.1007/BF01364893},
}

@book {Rationalcurve,
	AUTHOR = {Koll\'{a}r, J\'{a}nos},
	TITLE = {Rational curves on algebraic varieties},
	SERIES = {Ergebnisse der Mathematik und ihrer Grenzgebiete. 3. Folge. A
	Series of Modern Surveys in Mathematics [Results in
	Mathematics and Related Areas. 3rd Series. A Series of Modern
	Surveys in Mathematics]},
	VOLUME = {32},
	PUBLISHER = {Springer-Verlag, Berlin},
	YEAR = {1996},
	PAGES = {viii+320},
	ISBN = {3-540-60168-6},
	MRCLASS = {14-02 (14C05 14E05 14F17 14J45)},
	MRNUMBER = {1440180},
	MRREVIEWER = {Yuri\ G.\ Prokhorov},
	DOI = {10.1007/978-3-662-03276-3},
	URL = {https://doi.org/10.1007/978-3-662-03276-3},
}

@article {BDPP,
	AUTHOR = {Boucksom, S\'{e}bastien and Demailly, Jean-Pierre and
	P\u{a}un, Mihai and Peternell, Thomas},
	TITLE = {The pseudo-effective cone of a compact {K}\"{a}hler manifold
	and varieties of negative {K}odaira dimension},
	JOURNAL = {J. Algebraic Geom.},
	FJOURNAL = {Journal of Algebraic Geometry},
	VOLUME = {22},
	YEAR = {2013},
	NUMBER = {2},
	PAGES = {201--248},
	ISSN = {1056-3911,1534-7486},
	MRCLASS = {14E99 (32J18 32L05 53C26)},
	MRNUMBER = {3019449},
	MRREVIEWER = {Thomas\ Eckl},
	DOI = {10.1090/S1056-3911-2012-00574-8},
	URL = {https://doi.org/10.1090/S1056-3911-2012-00574-8},
}

@book {Alex,
	AUTHOR = {Alexeev, Valery},
	TITLE = {Moduli of weighted hyperplane arrangements},
	SERIES = {Advanced Courses in Mathematics. CRM Barcelona},
	EDITOR = {Bini, Gilberto and Lahoz, Mart\'{\i} and Macr\`{i}, Emanuele
	and Stellari, Paolo},
	PUBLISHER = {Birkh\"{a}user/Springer, Basel},
	YEAR = {2015},
	PAGES = {vii+104},
	ISBN = {978-3-0348-0914-6; 978-3-0348-0915-3},
	MRCLASS = {14D20 (14L24 14M25 14N20 32S22 52B40)},
	MRNUMBER = {3380944},
	MRREVIEWER = {I.\ Dolgachev},
	DOI = {10.1007/978-3-0348-0915-3},
	URL = {https://doi.org/10.1007/978-3-0348-0915-3},
}

@book {KollarMori,
	AUTHOR = {Koll\'{a}r, J\'{a}nos and Mori, Shigefumi},
	TITLE = {Birational geometry of algebraic varieties},
	SERIES = {Cambridge Tracts in Mathematics},
	VOLUME = {134},
	NOTE = {With the collaboration of C. H. Clemens and A. Corti,
	Translated from the 1998 Japanese original},
	PUBLISHER = {Cambridge University Press, Cambridge},
	YEAR = {1998},
	PAGES = {viii+254},
	ISBN = {0-521-63277-3},
	MRCLASS = {14E30},
	MRNUMBER = {1658959},
	MRREVIEWER = {Mark\ Gross},
	DOI = {10.1017/CBO9780511662560},
	URL = {https://doi.org/10.1017/CBO9780511662560},
}

@article{BCHM,
	title={Existence of minimal models for varieties of log general type},
	author={Birkar, Caucher and Cascini, Paolo and Hacon, Christopher and James Mckernan},
	journal={Journal of the American Mathematical Society},
	volume={23},
	number={2},
	pages={405--468},
	year={2010}
}