

@incollection {Lazic20,
	AUTHOR = {Floris, Enrica and Lazi\'{c}, Vladimir},
	TITLE = {A travel guide to the canonical bundle formula},
	BOOKTITLE = {Birational geometry and moduli spaces},
	SERIES = {Springer INdAM Ser.},
	VOLUME = {39},
	PAGES = {37--55},
	PUBLISHER = {Springer, Cham},
	YEAR = {[2020] \copyright 2020},
	ISBN = {978-3-030-37114-2; 978-3-030-37113-5},
	MRCLASS = {14E30},
	MRNUMBER = {4258356},
}


@incollection {Kollar07,
	AUTHOR = {Koll\'ar, J\'anos},
	TITLE = {Kodaira's canonical bundle formula and adjunction},
	BOOKTITLE = {Flips for 3-folds and 4-folds},
	SERIES = {Oxford Lecture Ser. Math. Appl.},
	VOLUME = {35},
	PAGES = {134--162},
	PUBLISHER = {Oxford Univ. Press, Oxford},
	YEAR = {2007},
	ISBN = {978-0-19-857061-5},
	MRCLASS = {14E30 (14N30)},
	MRNUMBER = {2359346},
	DOI = {10.1093/acprof:oso/9780198570615.003.0008},
	URL = {https://doi.org/10.1093/acprof:oso/9780198570615.003.0008},
}

@article {Ambro05,
	AUTHOR = {Ambro, Florin},
	TITLE = {The moduli {$b$}-divisor of an lc-trivial fibration},
	JOURNAL = {Compos. Math.},
	FJOURNAL = {Compositio Mathematica},
	VOLUME = {141},
	YEAR = {2005},
	NUMBER = {2},
	PAGES = {385--403},
	ISSN = {0010-437X,1570-5846},
	MRCLASS = {14E30 (14N30)},
	MRNUMBER = {2134273},
	MRREVIEWER = {Mark\ Gross},
	DOI = {10.1112/S0010437X04001071},
	URL = {https://doi.org/10.1112/S0010437X04001071},
}

@article {FM04,
	AUTHOR = {Fujino, Osamu and Mori, Shigefumi},
	TITLE = {A canonical bundle formula},
	JOURNAL = {J. Differential Geom.},
	FJOURNAL = {Journal of Differential Geometry},
	VOLUME = {56},
	YEAR = {2000},
	NUMBER = {1},
	PAGES = {167--188},
	ISSN = {0022-040X,1945-743X},
	MRCLASS = {14N30 (14E30 14J40)},
	MRNUMBER = {1863025},
	MRREVIEWER = {Massimiliano\ Mella},
	URL = {http://projecteuclid.org/euclid.jdg/1090347529},
}

@article{Kawa81,
	title={Characterization of abelian varieties},
	author={Kawamata, Yujiro},
	journal={Compositio mathematica},
	volume={43},
	number={2},
	pages={253--276},
	year={1981}
}


@misc{HP24,
	title={On the Canonical Bundle Formula and Adjunction for Generalized Kaehler Pairs}, 
	author={Christopher Hacon and Mihai Paun},
	year={2024},
	eprint={2404.12007},
	archivePrefix={arXiv},
	primaryClass={math.AG},
	url={https://arxiv.org/abs/2404.12007}, 
}