

@book {Voisin1,
	AUTHOR = {Voisin, Claire},
	TITLE = {Th\'{e}orie de {H}odge et g\'{e}om\'{e}trie alg\'{e}brique
	complexe},
	SERIES = {Cours Sp\'{e}cialis\'{e}s [Specialized Courses]},
	VOLUME = {10},
	PUBLISHER = {Soci\'{e}t\'{e} Math\'{e}matique de France, Paris},
	YEAR = {2002},
	PAGES = {viii+595},
	ISBN = {2-85629-129-5},
	MRCLASS = {32J25 (14C30 14D07 32G20)},
	MRNUMBER = {1988456},
	MRREVIEWER = {Javier\ A.\ Fern\'{a}ndez},
	DOI = {10.1017/CBO9780511615344},
	URL = {https://doi.org/10.1017/CBO9780511615344},
}